<?xml version="1.0" encoding="UTF-8"?>
<record xmlns="http://www.loc.gov/MARC21/slim">
  <leader>00898nam a2200265Ia 4500</leader>
  <controlfield tag="001">3630983</controlfield>
  <controlfield tag="005">20110120152400.0</controlfield>
  <controlfield tag="008">830602s1833    nyu           000 0 eng d</controlfield>
  <datafield tag="019" ind1=" " ind2=" ">
    <subfield code="a">43693805</subfield>
  </datafield>
  <datafield tag="035" ind1=" " ind2=" ">
    <subfield code="a">(OCoLC)9567097</subfield>
    <subfield code="z">(OCoLC)43693805</subfield>
  </datafield>
  <datafield tag="035" ind1=" " ind2=" ">
    <subfield code="a">ocm09567097</subfield>
  </datafield>
  <datafield tag="040" ind1=" " ind2=" ">
    <subfield code="a">KSU</subfield>
    <subfield code="c">KSU</subfield>
    <subfield code="d">OCL</subfield>
    <subfield code="d">OCLCQ</subfield>
  </datafield>
  <datafield tag="043" ind1=" " ind2=" ">
    <subfield code="a">n-us---</subfield>
  </datafield>
  <datafield tag="049" ind1=" " ind2=" ">
    <subfield code="a">BRLL</subfield>
  </datafield>
  <datafield tag="050" ind1=" " ind2="4">
    <subfield code="a">AC901</subfield>
    <subfield code="b">.P3 v.51, no.36</subfield>
  </datafield>
  <datafield tag="082" ind1=" " ind2="4">
    <subfield code="a">326</subfield>
  </datafield>
  <datafield tag="099" ind1=" " ind2=" ">
    <subfield code="a">res. 5572.30</subfield>
  </datafield>
  <datafield tag="110" ind1="2" ind2=" ">
    <subfield code="a">American Anti-Slavery Society.</subfield>
  </datafield>
  <datafield tag="245" ind1="1" ind2="0">
    <subfield code="a">Declaration of sentiments of the American Anti-Slavery Society :</subfield>
    <subfield code="b">adopted at the formation of said Society in Philadelphia on the 4th day of December, 1833.</subfield>
  </datafield>
  <datafield tag="260" ind1=" " ind2=" ">
    <subfield code="a">[New York :</subfield>
    <subfield code="b">American Anti-Slavery Society,</subfield>
    <subfield code="c">1833?</subfield>
    <subfield code="e">(New York:</subfield>
    <subfield code="f">William S. Dorr)</subfield>
  </datafield>
  <datafield tag="300" ind1=" " ind2=" ">
    <subfield code="a">4 p. ;</subfield>
    <subfield code="c">23 cm.</subfield>
  </datafield>
  <datafield tag="490" ind1="1" ind2=" ">
    <subfield code="a">Pamphlets ;</subfield>
    <subfield code="v">v. 51, no. 36</subfield>
  </datafield>
  <datafield tag="650" ind1=" " ind2="0">
    <subfield code="a">Slavery</subfield>
    <subfield code="z">United States.</subfield>
  </datafield>
  <datafield tag="830" ind1=" " ind2="0">
    <subfield code="a">Pamphlets ;</subfield>
    <subfield code="v">v. 51, no. 36.</subfield>
  </datafield>
  <datafield tag="994" ind1=" " ind2=" ">
    <subfield code="a">C0</subfield>
    <subfield code="b">BRL</subfield>
  </datafield>
</record>
